%related to SLAM backend optimization
@article{kaess2008isam,
  title={iSAM: Incremental smoothing and mapping},
  author={Kaess, Michael and Ranganathan, Ananth and Dellaert, Frank},
  journal={IEEE Transactions on Robotics},
  volume={24},
  number={6},
  pages={1365--1378},
  year={2008},
  publisher={IEEE}
}

@techreport{dellaert2012factor,
  title={Factor graphs and GTSAM: A hands-on introduction},
  author={Dellaert, Frank},
  year={2012},
  institution={Georgia Institute of Technology}
}
@inproceedings{kummerle2011_g2o,
  title={g 2 o: A general framework for graph optimization},
  author={K{\"u}mmerle, Rainer and Grisetti, Giorgio and Strasdat, Hauke and Konolige, Kurt and Burgard, Wolfram},
  booktitle={2011 IEEE International Conference on Robotics and Automation},
  pages={3607--3613},
  year={2011},
  organization={IEEE}
}
@article{agarwal2012ceres,
  title={Ceres solver},
  author={Agarwal, Sameer and Mierle, Keir and others},
  year={2012}
}

%switchable constraints Nico
@inproceedings{sunderhauf2012switchable,
  title={Switchable constraints for robust pose graph SLAM},
  author={S{\"u}nderhauf, Niko and Protzel, Peter},
  booktitle={2012 IEEE/RSJ International Conference on Intelligent Robots and Systems},
  pages={1879--1884},
  year={2012},
  organization={IEEE}
}

%DCS pratik agrawal
@inproceedings{agarwal2013robust,
  title={Robust map optimization using dynamic covariance scaling},
  author={Agarwal, Pratik and Tipaldi, Gian Diego and Spinello, Luciano and Stachniss, Cyrill and Burgard, Wolfram},
  booktitle={2013 IEEE International Conference on Robotics and Automation},
  pages={62--69},
  year={2013},
  organization={Citeseer}
}

%ATE and RPE citations
@inproceedings{sturm2012benchmark,
  title={A benchmark for the evaluation of RGB-D SLAM systems},
  author={Sturm, J{\"u}rgen and Engelhard, Nikolas and Endres, Felix and Burgard, Wolfram and Cremers, Daniel},
  booktitle={2012 IEEE/RSJ International Conference on Intelligent Robots and Systems},
  pages={573--580},
  year={2012},
  organization={IEEE}
}


%base paper for conceptual idea
@article{chen2019behavioral,
  title={A behavioral approach to visual navigation with graph localization networks},
  author={Chen, Kevin and de Vicente, Juan Pablo and Sepulveda, Gabriel and Xia, Fei and Soto, Alvaro and V{\'a}zquez, Marynel and Savarese, Silvio},
  journal={arXiv preprint arXiv:1903.00445},
  year={2019}
}

%reference for siamese network
@inproceedings{bromley1994signature,
  title={Signature verification using a" siamese" time delay neural network},
  author={Bromley, Jane and Guyon, Isabelle and LeCun, Yann and S{\"a}ckinger, Eduard and Shah, Roopak},
  booktitle={Advances in neural information processing systems},
  pages={737--744},
  year={1994}
}

%gibson dataset
@inproceedings{xiazamirhe2018gibsonenv,
  title={Gibson env: real-world perception for embodied agents},
  author={Xia, Fei and R. Zamir, Amir and He, Zhi-Yang and Sax, Alexander and Malik, Jitendra and Savarese, Silvio},
  booktitle={Computer Vision and Pattern Recognition (CVPR), 2018 IEEE Conference on},
  year={2018},
  organization={IEEE}
}

%survey on topological mapping
@article{garcia2015vision,
  title={Vision-based topological mapping and localization methods: A survey},
  author={Garcia-Fidalgo, Emilio and Ortiz, Alberto},
  journal={Robotics and Autonomous Systems},
  volume={64},
  pages={1--20},
  year={2015},
  publisher={Elsevier}
}

%rbpf for topological mapping
@inproceedings{ranganathan2006rao,
  title={A Rao-Blackwellized particle filter for topological mapping},
  author={Ranganathan, Ananth and Dellaert, Frank},
  booktitle={Proceedings 2006 IEEE International Conference on Robotics and Automation, 2006. ICRA 2006.},
  pages={810--817},
  year={2006},
  organization={IEEE}
}

%place recogonition
@inproceedings{ulrich2000appearance,
  title={Appearance-based place recognition for topological localization},
  author={Ulrich, Iwan and Nourbakhsh, Illah},
  booktitle={Proceedings 2000 ICRA. Millennium Conference. IEEE International Conference on Robotics and Automation. Symposia Proceedings (Cat. No. 00CH37065)},
  volume={2},
  pages={1023--1029},
  year={2000},
  organization={Ieee}
}

@inproceedings{pronobis2006discriminative,
  title={A discriminative approach to robust visual place recognition},
  author={Pronobis, Andrzej and Caputo, Barbara and Jensfelt, Patric and Christensen, Henrik I},
  booktitle={2006 IEEE/RSJ International Conference on Intelligent Robots and Systems},
  pages={3829--3836},
  year={2006},
  organization={IEEE}
}

%loop closure
@inproceedings{sunderhauf2011brief,
  title={Brief-gist-closing the loop by simple means},
  author={S{\"u}nderhauf, Niko and Protzel, Peter},
  booktitle={2011 IEEE/RSJ International Conference on Intelligent Robots and Systems},
  pages={1234--1241},
  year={2011},
  organization={IEEE}
}

% resnet
@inproceedings{he2016deep,
  title={Deep residual learning for image recognition},
  author={He, Kaiming and Zhang, Xiangyu and Ren, Shaoqing and Sun, Jian},
  booktitle={Proceedings of the IEEE conference on computer vision and pattern recognition},
  pages={770--778},
  year={2016}
}

@inproceedings{imagenet_cvpr09,
        AUTHOR = {Deng, J. and Dong, W. and Socher, R. and Li, L.-J. and Li, K. and Fei-Fei, L.},
        TITLE = {{ImageNet: A Large-Scale Hierarchical Image Database}},
        BOOKTITLE = {CVPR09},
        YEAR = {2009},
        BIBSOURCE = "http://www.image-net.org/papers/imagenet_cvpr09.bib"}
        
@article{johnson2019survey,
  title={Survey on deep learning with class imbalance},
  author={Johnson, Justin M and Khoshgoftaar, Taghi M},
  journal={Journal of Big Data},
  volume={6},
  number={1},
  pages={27},
  year={2019},
  publisher={Springer}
}

% kocheka
@inproceedings{kosecka2003qualitative,
  title={Qualitative image based localization in indoors environments},
  author={Kosecka, Jana and Zhou, Liang and Barber, Philip and Duric, Zoran},
  booktitle={2003 IEEE Computer Society Conference on Computer Vision and Pattern Recognition, 2003. Proceedings.},
  volume={2},
  pages={II--II},
  year={2003},
  organization={IEEE}
}

%bayesian inference 
@article{ranganathan2006bayesian,
  title={Bayesian inference in the space of topological maps},
  author={Ranganathan, Ananth and Menegatti, Emanuele and Dellaert, Frank},
  journal={IEEE Transactions on Robotics},
  volume={22},
  number={1},
  pages={92--107},
  year={2006},
  publisher={IEEE}
}

